<record><leader>00000cas a2200000 a 4500</leader><controlfield tag="001">33142106</controlfield><controlfield tag="008">950915d192519uufluwr ne      0   a0eng c</controlfield><datafield ind1=" " ind2=" " tag="010"><subfield code="a">sn 95026701 </subfield></datafield><datafield ind1=" " ind2=" " tag="040"><subfield code="a">FUG</subfield><subfield code="b">eng</subfield><subfield code="c">FUG</subfield><subfield code="d">OCLCQ</subfield><subfield code="d">DLC</subfield><subfield code="d">OCLCQ</subfield><subfield code="d">IUL</subfield><subfield code="d">OCLCQ</subfield><subfield code="d">OCLCF</subfield></datafield><datafield ind1=" " ind2=" " tag="012"><subfield code="i">9509</subfield></datafield><datafield ind1="1" ind2=" " tag="022"><subfield code="a">2151-5379</subfield><subfield code="l">2151-5379</subfield><subfield code="2">1</subfield></datafield><datafield ind1="1" ind2=" " tag="029"><subfield code="a">AU@</subfield><subfield code="b">000025891508</subfield></datafield><datafield ind1=" " ind2=" " tag="042"><subfield code="a">pcc</subfield><subfield code="a">nsdp</subfield></datafield><datafield ind1=" " ind2=" " tag="043"><subfield code="a">n-us-fl</subfield></datafield><datafield ind1="0" ind2="0" tag="050"><subfield code="a">Newspaper</subfield></datafield><datafield ind1="0" ind2=" " tag="130"><subfield code="a">Nassau County leader (Fernandina, Fla.)</subfield></datafield><datafield ind1=" " ind2="0" tag="222"><subfield code="a">Nassau County leader</subfield><subfield code="b">(Fernandina, Fla.)</subfield></datafield><datafield ind1="1" ind2="0" tag="245"><subfield code="a">Nassau County leader.</subfield></datafield><datafield ind1=" " ind2=" " tag="260"><subfield code="a">Fernandina, Fla. :</subfield><subfield code="b">Cricket Prewitt,</subfield><subfield code="c">1925-</subfield></datafield><datafield ind1=" " ind2=" " tag="300"><subfield code="a">v.</subfield></datafield><datafield ind1=" " ind2=" " tag="310"><subfield code="a">Weekly</subfield></datafield><datafield ind1="0" ind2=" " tag="362"><subfield code="a">Vol. 38, no. 31 (July 3, 1925)-</subfield></datafield><datafield ind1=" " ind2=" " tag="530"><subfield code="a">Archived issues are available in digital format as part of the Library of Congress Chronicling America online collection.</subfield></datafield><datafield ind1=" " ind2=" " tag="588"><subfield code="a">Latest issue consulted: Vol. 54, no. 51 (Dec. 27, 1940).</subfield></datafield><datafield ind1=" " ind2="0" tag="651"><subfield code="a">Fernandina Beach (Fla.)</subfield><subfield code="v">Newspapers.</subfield></datafield><datafield ind1=" " ind2="0" tag="651"><subfield code="a">Nassau County (Fla.)</subfield><subfield code="v">Newspapers.</subfield></datafield><datafield ind1=" " ind2="7" tag="655"><subfield code="a">Newspapers.</subfield><subfield code="2">fast</subfield><subfield code="0">(OCoLC)fst01423814</subfield></datafield><datafield ind1=" " ind2="7" tag="651"><subfield code="a">Florida</subfield><subfield code="z">Fernandina Beach.</subfield><subfield code="2">fast</subfield><subfield code="0">(OCoLC)fst01219291</subfield></datafield><datafield ind1=" " ind2="7" tag="651"><subfield code="a">Florida</subfield><subfield code="z">Nassau County.</subfield><subfield code="2">fast</subfield><subfield code="0">(OCoLC)fst01218432</subfield></datafield><datafield ind1=" " ind2=" " tag="752"><subfield code="a">United States</subfield><subfield code="b">Florida</subfield><subfield code="c">Nassau</subfield><subfield code="d">Fernandina.</subfield></datafield><datafield ind1="0" ind2="0" tag="780"><subfield code="t">Nassau County leader and Fernandina news-record</subfield><subfield code="w">(DLC)sn 95026704</subfield><subfield code="w">(OCoLC)33142105</subfield></datafield><datafield ind1="0" ind2="7" tag="785"><subfield code="t">Fernandina news (Fernandina, Fla. : 1939)</subfield><subfield code="w">(DLC)sn 95047162</subfield><subfield code="w">(OCoLC)33141366</subfield></datafield><datafield ind1="0" ind2="7" tag="785"><subfield code="t">Fernandina news-leader</subfield><subfield code="w">(DLC)sn 95026705</subfield><subfield code="w">(OCoLC)33142108</subfield></datafield><datafield ind1=" " ind2=" " tag="850"><subfield code="a">FU</subfield></datafield><datafield ind1="4" ind2="1" tag="856"><subfield code="u">http://www.loc.gov/chroniclingamerica/lccn/sn95026701/issues</subfield></datafield></record>